% Encoding: UTF-8

@InProceedings{BlackZenTokuda2007,
  author       = {Black, Alan W and Zen, Heiga and Tokuda, Keiichi},
  title        = {Statistical parametric speech synthesis},
  booktitle    = {Acoustics, Speech and Signal Processing, 2007. ICASSP 2007. IEEE International Conference on},
  year         = {2007},
  volume       = {4},
  pages        = {IV--1229}
}

@PhdThesis{Wang2014,
  author = {Wang, Haipeng},
  title  = {Query-by-Example Spoken Term Detection for Low-resource Languages},
  school = {The Chinese University of Hong Kong, Hong Kong},
  year   = {2014},
}

@InProceedings{GishNg1993,
  author       = {Gish, Herbert and Ng, Kenney},
  title        = {A segmental speech model with applications to word spotting},
  booktitle    = {Proc. ICASSP},
  year         = {1993},
  volume       = {2},
  pages        = {447--450}
}

@Article{LeeLoChingEtAl2002,
  author    = {Lee, Tan and Lo, Wai Kit and Ching, P. C. and Meng, Helen},
  title     = {Spoken language resources for {C}antonese speech processing},
  journal   = {Speech Communication},
  year      = {2002},
  volume    = {36},
  number    = {3},
  pages     = {327--342},
  publisher = {Elsevier},
}

@article{I3EWang,
  title={Acoustic segment modeling with spectral clustering methods},
  author={Wang, Haipeng and Lee, Tan and Leung, Cheung-Chi and Ma, Bin and Li, Haizhou},
  journal={IEEE/ACM Trans. ASLP},
  volume={23},
  number={2},
  pages={264--277},
  year={2015},
  publisher={IEEE}
}
@article{dahl2012context,
  title={Context-dependent pre-trained deep neural networks for large-vocabulary speech recognition},
  author={Dahl, George E and Yu, Dong and Deng, Li and Acero, Alex},
  journal={IEEE Trans. ASLP},
  volume={20},
  number={1},
  pages={30--42},
  year={2012},
  publisher={IEEE}
}
@inproceedings{LeeSoongJuang,
  title={A segment model based approach to speech recognition},
  author={Lee, Chin-Hui and Soong, Frank K. and Juang, Bing-Hwang},
  booktitle={Proc. ICASSP},
  pages={501--504},
  year={1988}
}

@article{li2007vector,
  title={A vector space modeling approach to spoken language identification},
  author={Li, Haizhou and Ma, Bin and Lee, Chin-Hui},
  journal={IEEE Trans. ASLP},
  volume={15},
  number={1},
  pages={271--284},
  year={2007},
  publisher={IEEE}
}

@inproceedings{aradilla2006using,
  title={Using posterior-based features in template matching for speech recognition},
  author={Aradilla, Guillermo and Vepa, Jithendra and Bourlard, Herv{\'e}},
  booktitle={International Conference on Spoken Language Processing},
  number={LIDIAP-CONF-2006-001},
  year={2006}
}

@inproceedings{glass2012towards,
  title={Towards unsupervised speech processing},
  author={Glass, James},
  booktitle={Proc. ISSPA},
  pages={1--4},
  year={2012}
}

@InProceedings{lee2012nonparametric,
  author       = {Lee, Chia-ying and Glass, James},
  title        = {A nonparametric Bayesian approach to acoustic model discovery},
  booktitle    = {Proc. ACL},
  year         = {2012},
  pages        = {40--49}
}
@inproceedings{jansen2013weak,
  title={Weak top-down constraints for unsupervised acoustic model training.},
  author={Jansen, Aren and Thomas, Samuel and Hermansky, Hynek},
  booktitle={Proc. ICASSP},
  pages={8091--8095},
  year={2013}
}
@inproceedings{schutze2008introduction,
  title={Introduction to Information Retrieval},
  author={Sch{\"u}tze, Hinrich},
  booktitle={Proceedings of the international communication of association for computing machinery conference},
  year={2008}
}
@PhdThesis{schwarz2009phoneme,
  author = {Schwarz, Petr},
  title  = {Phoneme recognition based on long temporal context},
  school = {Brno University of Technology, Brno, Czech Republic},
  year   = {2009},
}

@InProceedings{HazenSaenkoLaEtAl2004,
  author       = {Hazen, Timothy J and Saenko, Kate and La, Chia-Hao and Glass, James R},
  title        = {A segment-based audio-visual speech recognizer: Data collection, development, and initial experiments},
  booktitle    = {Proceedings of the 6th international conference on Multimodal interfaces},
  year         = {2004},
  pages        = {235--242},
  organization = {ACM},
}

@InProceedings{WangRagniGalesEtAl2015,
  author    = {Wang, Haipeng and Ragni, Anton and Gales, Mark JF and Knill, Kate M and Woodland, Philip C and Zhang, Chao},
  title     = {Joint decoding of tandem and hybrid systems for improved keyword spotting on low resource languages},
  booktitle = {Proc. INTERSPEECH},
  year      = {2015},
}

@InProceedings{QiaoShimomuraMinematsu2008,
  author       = {Qiao, Yu and Shimomura, Naoya and Minematsu, Nobuaki},
  title        = {Unsupervised optimal phoneme segmentation: Objectives, algorithm and comparisons},
  booktitle    = {Proc. ICASSP},
  year         = {2008},
  pages        = {3989--3992}
}

@Article{SiuGishChanEtAl2014,
  author    = {Siu, Man-hung and Gish, Herbert and Chan, Arthur and Belfield, William and Lowe, Steve},
  title     = {Unsupervised training of an HMM-based self-organizing unit recognizer with applications to topic classification and keyword discovery},
  journal   = {Computer Speech \& Language},
  year      = {2014},
  volume    = {28},
  number    = {1},
  pages     = {210--223},
  publisher = {Elsevier},
}

@InProceedings{WangLeeLeungEtAl2014,
  author    = {Wang, Haipeng and Lee, Tan and Leung, Cheung-Chi and Ma, Bin and Li, Haizhou},
  title     = {A graph-based Gaussian component clustering approach to unsupervised acoustic modeling.},
  booktitle = {Proc. INTERSPEECH},
  year      = {2014},
  pages     = {875--879},
}

@InProceedings{WangLeeLeung2011,
  author       = {Wang, Haipeng and Lee, Tan and Leung, Cheung-Chi},
  title        = {Unsupervised spoken term detection with acoustic segment model},
  booktitle    = {Speech Database and Assessments (Oriental COCOSDA), 2011 International Conference on},
  year         = {2011},
  pages        = {106--111}
}

@Article{WangLeeLeungEtAl2013,
  author = {Wang, Haipeng and Lee, Tan and Leung, Cheung-Chi and Ma, Bin and Li, Haizhou},
  title  = {Unsupervised mining of acoustic subword units with segment-level Gaussian posteriorgrams},
  year   = {2013},
}

@InProceedings{WangLeeLeungEtAl2013a,
  author       = {Wang, Haipeng and Lee, Tan and Leung, Cheung-Chi and Ma, Bin and Li, Haizhou},
  title        = {Using parallel tokenizers with DTW matrix combination for low-resource spoken term detection},
  booktitle    = {2013 IEEE International Conference on Acoustics, Speech and Signal Processing},
  year         = {2013},
  pages        = {8545--8549}
}

@InProceedings{WangLeungLeeEtAl2012,
  author       = {Wang, Haipeng and Leung, Cheung-Chi and Lee, Tan and Ma, Bin and Li, Haizhou},
  title        = {An acoustic segment modeling approach to query-by-example spoken term detection},
  booktitle    = {Proc. ICASSP},
  year         = {2012},
  pages        = {5157--5160}
}

@Article{WangLeungLeeEtAl2013,
  author    = {Wang, Haipeng and Leung, Cheung-Chi and Lee, Tan and Ma, Bin and Li, Haizhou},
  title     = {Shifted-delta MLP features for spoken language recognition},
  journal   = {IEEE Signal Processing Letters},
  year      = {2013},
  volume    = {20},
  number    = {1},
  pages     = {15--18},
  publisher = {IEEE},
}

@InProceedings{MaZhuLi2009,
  author       = {Ma, Bin and Zhu, Donglai and Li, Haizhou},
  title        = {Acoustic segment modeling for speaker recognition},
  booktitle    = {2009 IEEE International Conference on Multimedia and Expo},
  year         = {2009},
  pages        = {1668--1671}
}

@InProceedings{MuthusamyColeOshika1992,
  author       = {Muthusamy, Yeshwant K and Cole, Ronald A and Oshika, Beatrice T},
  title        = {The OGI multi-language telephone speech corpus.},
  booktitle    = {ICSLP},
  year         = {1992},
  volume       = {92},
  pages        = {895--898},
  organization = {Citeseer},
}
@inproceedings{feng2016exploit,
  title={Exploiting language-mismatched phoneme recognizers for unsupervised acoustic modeling},
  author={Feng, Siyuan and Lee, Tan and Wang, Haipeng},
  booktitle={Proc. ISCSLP},
  pages={1--5},
  year={2016},

}
@article{scharenborg2010unsupervised,
  title={Unsupervised speech segmentation: An analysis of the hypothesized phone boundaries},
  author={Scharenborg, Odette and Wan, Vincent and Ernestus, Mirjam},
  journal={The Journal of the Acoustical Society of America},
  volume={127},
  number={2},
  pages={1084--1095},
  year={2010},
  publisher={ASA}
}
@article{hinton2012deep,
  title={Deep neural networks for acoustic modeling in speech recognition: The shared views of four research groups},
  author={Hinton, Geoffrey and Deng, Li and Yu, Dong and Dahl, George E and Mohamed, Abdel-rahman and Jaitly, Navdeep and Senior, Andrew and Vanhoucke, Vincent and Nguyen, Patrick and Sainath, Tara N and Kingsbury, Brian},
  journal={IEEE Signal Processing Magazine},
  volume={29},
  number={6},
  pages={82--97},
  year={2012},
  publisher={IEEE}
}
@article{bishop2006pattern,
  title={Pattern recognition},
  author={Bishop, Christopher M},
  journal={Machine Learning},
  volume={128},
  pages={1--58},
  year={2006}
}
@book{mackay2003information,
  title={Information theory, inference and learning algorithms},
  author={MacKay, David JC},
  year={2003},
  publisher={Cambridge university press}
}
@article{kullback1951information,
  title={On information and sufficiency},
  author={Kullback, Solomon and Leibler, Richard A},
  journal={The annals of mathematical statistics},
  volume={22},
  number={1},
  pages={79--86},
  year={1951},
  publisher={JSTOR}
}
@inproceedings{aradilla2008using,
  title={Using KL-based Acoustic Models in a Large Vocabulary Recognition Task},
  author={Aradilla, Guillermo and Bourlard, Herv{\'e} and Doss, Mathew Magimai},
  year={2008},
  booktitle = {Proc. INTERSPEECH},
  pages = {928--931},
  year = {2008}

}
@inproceedings{aradilla2007acoustic,
  title={An acoustic model based on Kullback-Leibler divergence for posterior features},
  author={Aradilla, Guillermo and Vepa, Jithendra and Bourlard, Herv{\'e}},
  booktitle={Proc. ICASSP},
  volume={4},
  pages={657--660},
  year={2007}
}
@inproceedings{razavi2014recognition,
  title={On recognition of non-native speech using probabilistic lexical model},
  author={Razavi, Marzieh and Magimai-Doss, Mathew},
  booktitle={Proc. INTERSPEECH},
  number={EPFL-CONF-200308},
  year={2014},
}
@article{imseng2014using,
  title={Using out-of-language data to improve an under-resourced speech recognizer},
  author={Imseng, David and Motlicek, Petr and Bourlard, Herv{\'e} and Garner, Philip N},
  journal={Speech communication},
  volume={56},
  pages={142--151},
  year={2014},
  publisher={Elsevier}
}
@inproceedings{dossgrapheme,
  title={GRAPHEME-BASED AUTOMATIC SPEECH RECOGNITION USING KL-HMM},
  author={Doss, Mathew Magimai- and Rasipuram, Ramya and Aradilla, Guillermo and Bourlard, Herv{\'e}},
  booktitle= {Proc. INTERSPEECH},
  pages= {445--448},
  year = {2011}

}
@inproceedings{imseng2012using,
  title={Using KL-divergence and multilingual information to improve ASR for under-resourced languages},
  author={Imseng, David and Bourlard, Herv{\'e} and Garner, Philip N},
  booktitle={Proc. ICASSP},
  pages={4869--4872},
  year={2012}
}
@inproceedings{kim2016dysarthric,
  title={Dysarthric speech recognition using kullback-leibler divergence-based hidden {M}arkov model},
  author={Kim, Myungjong and Wang, Jun and Kim, Hoirin},
  booktitle={Proc. INTERSPEECH},
  pages={2671--2671},
  year={2016}
}
@inproceedings{gosztolya2015building,
  title={Building context-dependent DNN acoustic models using Kullback-Leibler divergence-based state tying},
  author={Gosztolya, G{\'a}bor and Gr{\'o}sz, Tam{\'a}s and T{\'o}th, L{\'a}szl{\'o} and Imseng, David},
  booktitle={Acoustics, Speech and Signal Processing (ICASSP), 2015 IEEE International Conference on},
  pages={4570--4574},
  year={2015}
}
@inproceedings{asami2015training,
  title={Training data selection for acoustic modeling via submodular optimization of joint kullback-leibler divergence},
  author={Asami, Taichi and Masumura, Ryo and Masataki, Hirokazu and Okamoto, Manabu and Sakauchi, Sumitaka},
  booktitle={Proc. INTERSPEECH},
  year={2015},
  pages={3645--3649}
}
@inproceedings{xie2016kl,
  title={A {KL} divergence and {DNN} approach to cross-lingual TTS},
  author={Xie, Feng-Long and Soong, Frank K and Li, Haifeng},
  booktitle={Proc. ICASSP},
  pages={5515--5519},
  year={2016}
}
@inproceedings{xie2016klvc,
  title={A KL Divergence and DNN-Based Approach to Voice Conversion without Parallel Training Sentences},
  author={Xie, Feng-Long and Soong, Frank K and Li, Haifeng},
  booktitle={Proc. INTERSPEECH},
  pages={287--291},
  year={2016}
}
@article{lamel2002lightly,
  title={Lightly supervised and unsupervised acoustic model training},
  author={Lamel, Lori and Gauvain, Jean-Luc and Adda, Gilles},
  journal={Computer Speech \& Language},
  volume={16},
  number={1},
  pages={115--129},
  year={2002},
  publisher={Elsevier}
}
@article{wessel2005unsupervised,
  title={Unsupervised training of acoustic models for large vocabulary continuous speech recognition},
  author={Wessel, Frank and Ney, Hermann},
  journal={IEEE Transactions on Speech and Audio Processing},
  volume={13},
  number={1},
  pages={23--31},
  year={2005},
  publisher={IEEE}
}
@inproceedings{fraga2011lattice,
  title={Lattice-based unsupervised acoustic model training},
  author={Fraga-Silva, Thiago and Gauvain, Jean-Luc and Lamel, Lori},
  booktitle={Proc. ICASSP},
  pages={4656--4659},
  year={2011}
}
@article{yu2010active,
  title={Active learning and semi-supervised learning for speech recognition: A unified framework using the global entropy reduction maximization criterion},
  author={Yu, Dong and Varadarajan, Balakrishnan and Deng, Li and Acero, Alex},
  journal={Computer Speech \& Language},
  volume={24},
  number={3},
  pages={433--444},
  year={2010},
  publisher={Elsevier}
}
@inproceedings{huang2010semi,
  title={Semi-supervised training of gaussian mixture models by conditional entropy minimization},
  author={Huang, Jui-Ting and Hasegawa-Johnson, Mark},
  booktitle={Proc. INTERSPEECH},
  pages={1353--1356},
  year={2010}
}
@inproceedings{harwath2013zero,
  title={Zero resource spoken audio corpus analysis},
  author={Harwath, David F and Hazen, Timothy J and Glass, James R},
  booktitle={Proc. ICASSP},
  pages={8555--8559},
  year={2013}
}
@article{kesirajutopic,
  title={TOPIC IDENTIFICATION OF SPOKEN DOCUMENTS USING UNSUPERVISED ACOUSTIC UNIT DISCOVERY},
  author={Kesiraju, Santosh and Pappagari, Raghavendra and Ondel, Lucas and Burget, Luk{\'a}{\v{s}}}
}
@inproceedings{versteegh2015zero,
  title={The zero resource speech challenge 2015.},
  author={Versteegh, Maarten and Thiolli\`{e}re, Roland and Schatz, Thomas and Cao, Xuan-Nga and Anguera, Xavier and Jansen, Aren and Dupoux, Emmanuel},
  booktitle={Proc. INTERSPEECH},
  pages={3169--3173},
  year={2015}
}
@article{steve1996large,
  title={Large vocabulary continuous speech recognition: a review},
  author={Steve, YOUNG},
  journal={IEEE Signal Processing Magazine},
  volume={21},
  pages={786--797},
  year={1996}
}
@inproceedings{sak2014long,
  title={Long short-term memory recurrent neural network architectures for large scale acoustic modeling.},
  author={Sak, Hasim and Senior, Andrew W and Beaufays, Fran{\c{c}}oise},
  booktitle={Proc. INTERSPEECH},
  pages={338--342},
  year={2014}
}
@inproceedings{torbati2013speech,
  title={Speech acoustic unit segmentation using hierarchical {d}irichlet processes.},
  author={Torbati, Amir Hossein Harati Nejad and Picone, Joseph and Sobel, Marc},
  booktitle={Proc. INTERSPEECH},
  pages={637--641},
  year={2013}
}
@inproceedings{estevan2007finding,
  title={Finding maximum margin segments in speech},
  author={Estevan, Yago Pereiro and Wan, Vincent and Scharenborg, Odette},
  booktitle={Proc. ICASSP},
  volume={4},
  pages={937--940},
  year={2007}
}
@inproceedings{Huang2013cross,
  title={Cross-language knowledge transfer using multilingual deep neural network with shared hidden layers},
  author={Huang, Jui-Ting and Li, Jinyu and Yu, Dong and Deng, Li and Gong, Yifan},
  booktitle={Proc. ICASSP},
  pages={7304--7308},
  year={2013}
}
@inproceedings{ghoshal2013multilingual,
  title={Multilingual training of deep neural networks},
  author={Ghoshal, Arnab and Swietojanski, Pawel and Renals, Steve},
  booktitle={Proc. ICASSP},
  pages={7319--7323},
  year={2013},
}

@inproceedings{karafiat20172016,
  title={2016 {BUT} Babel system: Multilingual {BLSTM} acoustic model with i-vector based adaptation},
  author={Karafi{\'a}t, Martin and Baskar, Murali Karthick and Matejka, Pavel and Vesel{\`y}, Karel and Gr{\'e}zl, Franti{\v{s}}ek},
  booktitle={Proc. INTERSPEECH},
  pages={719--723},
  year={2017},
}
@inproceedings{karafiat2016multilingual,
  title={Multilingual {BLSTM} and speaker-specific vector adaptation in 2016 {BUT} babel system},
  author={Karafi{\'a}t, Martin and Baskar, Murali Karthick and Mat{\v{e}}jka, Pavel and Vesel{\`y}, Karel and Gr{\'e}zl, Franti{\v{s}}ek and {\v{C}}ernocky, Jan},
  booktitle={Proc. SLT},
  pages={637--643},
  year={2016},
}
@inproceedings{Zhou2017,
  author={Shiyu Zhou and Yuanyuan Zhao and Shuang Xu and Bo Xu},
  title={Multilingual Recurrent Neural Networks with Residual Learning for Low-Resource Speech Recognition},
  year={2017},
  booktitle={Proc. INTERSPEECH},
  pages={704--708}
}
@inproceedings{yu2016learning,
  title={Learning cross-lingual information with multilingual {BLSTM} for speech synthesis of low-resource languages},
  author={Yu, Quanjie and Liu, Peng and Wu, Zhiyong and Ang, Shiyin K and Meng, Helen and Cai, Lianhong},
  booktitle={Proc. ICASSP},
  pages={5545--5549},
  year={2016},
}
@inproceedings{ning2017learning,
  title={Learning cross-lingual knowledge with multilingual {BLSTM} for emphasis detection with limited training data},
  author={Ning, Yishuang and Wu, Zhiyong and Li, Runnan and Jia, Jia and Xu, Mingxing and Meng, Helen and Cai, Lianhong},
  booktitle={Proc. ICASSP},
  pages={5615--5619},
  year={2017},
}
@inproceedings{ni2016rapid,
  title={Rapid Update of Multilingual Deep Neural Network for Low-Resource Keyword Search},
  author={Ni, Chongjia and Wang, Lei and Leung, Cheung-Chi and Rao, Feng and Lu, Li and Ma, Bin and Li, Haizhou},
  booktitle={Proc. INTERSPEECH},
  pages={3698--3702},
  year={2016}
}
@inproceedings{ma2017improving,
  title={Improving Deliverable Speech-to-text Systems with Multilingual Knowledge Transfer},
  author={Ma, Jeff and Keith, Francis and Ng, Tim and Siu, Man-hung and Kimball, Owen},
  booktitle={Proc. INTERSPEECH},
  pages={127--131},
  year={2017}
}
@inproceedings{yosinski2014transferable,
  title={How transferable are features in deep neural networks?},
  author={Yosinski, Jason and Clune, Jeff and Bengio, Yoshua and Lipson, Hod},
  booktitle={Advances in neural information processing systems},
  pages={3320--3328},
  year={2014}
}
@inproceedings{chengexploration,
  title={An exploration of dropout with {LSTM}s},
  author={Cheng, Gaofeng and Peddinti, Vijayaditya and Povey, Daniel and Manohar, Vimal and Khudanpur, Sanjeev and Yan, Yonghong},
  booktitle={Proc. INTERSPEECH},
  pages={1586--1590},
  year={2017},
  
}
@inproceedings{zhang2014improving,
  title={Improving deep neural network acoustic models using generalized maxout networks},
  author={Zhang, Xiaohui and Trmal, Jan and Povey, Daniel and Khudanpur, Sanjeev},
  booktitle={Proc. ICASSP},
  pages={215--219},
  year={2014},
}
@inproceedings{lee2016automatic,
  title={Automatic speech recognition for acoustical analysis and assessment of {C}antonese pathological voice and speech},
  author={Lee, Tan and Liu, Yuanyuan and Huang, Pei-Wen and Chien, Jen-Tzung and Lam, Wang Kong and Yeung, Yu Ting and Law, Thomas KT and Lee, Kathy YS and Kong, Anthony Pak-Hin and Law, Sam-Po},
  booktitle={Proc. ICASSP},
  pages={6475--6479},
  year={2016},
}
@inproceedings{vesely2013sequence,
  title={Sequence-discriminative training of deep neural networks.},
  author={Vesel{\`y}, Karel and Ghoshal, Arnab and Burget, Luk{\'a}{\v{s}} and Povey, Daniel},
  booktitle={Proc. INTERSPEECH},
  pages={2345--2349},
  year={2013}
}
@inproceedings{ioffe2015batch,
  title={Batch normalization: Accelerating deep network training by reducing internal covariate shift},
  author={Ioffe, Sergey and Szegedy, Christian},
  booktitle={Proc. ICML},
  pages={448--456},
  year={2015}
}
@inproceedings{ko2015audio,
  title={Audio augmentation for speech recognition.},
  author={Ko, Tom and Peddinti, Vijayaditya and Povey, Daniel and Khudanpur, Sanjeev},
  booktitle={Proc. INTERSPEECH},
  pages={3586--3589},
  year={2015}
}
@article{povey2014parallel,
  title={Parallel training of deep neural networks with natural gradient and parameter averaging},
  author={Povey, Daniel and Zhang, Xiaohui and Khudanpur, Sanjeev},
  journal={arXiv preprint},
  year={2014}
}
@inproceedings{paul1992design,
  title={The design for the Wall Street Journal-based {CSR} corpus},
  author={Paul, Douglas B and Baker, Janet M},
  booktitle={Proc. workshop on Speech and Natural Language},
  pages={357--362},
  year={1992},
}
@article{williams1990efficient,
  title={An efficient gradient-based algorithm for on-line training of recurrent network trajectories},
  author={Williams, Ronald J and Peng, Jing},
  journal={Neural computation},
  volume={2},
  number={4},
  pages={490--501},
  year={1990},
  publisher={MIT Press}
}
@inproceedings{li2004rasc863,
  title={{RASC}863-A {C}hinese speech corpus with four regional accents},
  author={Li, Aijun and Yin, Zhigang and Wang, Tianqing and Fang, Qiang and Hu, Fang},
  booktitle={Proc. O-COCOSDA},
  year={2004}
}
@incollection{caruana1998multitask,
  title={Multitask learning},
  author={Caruana, Rich},
  booktitle={Learning to learn},
  pages={95--133},
  year={1998},
  publisher={Springer}
}

@inproceedings{povey2011kaldi,
  title={The Kaldi speech recognition toolkit},
  author={Povey, Daniel and Ghoshal, Arnab and Boulianne, Gilles and Burget, Luk{\'a}{\v{s}} and Glembek, Ond{\v{r}}ej and Goel, Nagendra and Hannemann, Mirko and Motlicek, Petr and Qian, Yanmin and Schwarz, Petr and others},
  booktitle={Proc. ASRU},
  year={2011},
}
@inproceedings{liu2017acoustic,
  title={Acoustic Assessment of Disordered Voice with Continuous Speech Based on Utterance-level ASR Posterior Features},
  author={Liu, Yuanyuan and Lee, Tan and Ching, PC and Law, Thomas KT and Lee, Kathy YS},
  journal={Proc. INTERSPEECH},
  pages={2680--2684},
  year={2017}
}
 @misc{ wiki:pinyintable,
   author = "Wikipedia",
   title = "Pinyin table --- Wikipedia{,} The Free Encyclopedia",
   year = "2017",
   url = "\url{https://en.wikipedia.org/w/index.php?title=Pinyin_table&oldid=758841913}",
   note = "[Online; accessed 20-March-2017]"
 }
 @misc{ wiki:pinyin,
    author = "Wikipedia",
    title = "Pinyin --- Wikipedia{,} The Free Encyclopedia",
    year = "2017",
    url = "\url{https://en.wikipedia.org/w/index.php?title=Pinyin&oldid=807838701}",
    note = "[Online; accessed 31-October-2017]"
  }
  @misc{ wiki-nourl:xxx,
   author = "Wikipedia",
   title = "Pinyin table --- Wikipedia{,} The Free Encyclopedia",
   year = "2017",
   url = "https://en.wikipedia.org/w/index.php?title=Pinyin_table&oldid=758841913",
   note = "[Online; accessed 21-March-2017]"
 }
@inproceedings{tong2017investigation,
  title={An Investigation of Deep Neural Networks for Multilingual Speech Recognition Training and Adaptation},
  author={Tong, Sibo and Garner, Philip N and Bourlard, Herv{\'e}},
  booktitle={Proc. INTERSPEECH},
  pages={714--718},
  year={2017}
}
@inproceedings{ragni2016multi,
  title={Multi-Language Neural Network Language Models.},
  author={Ragni, Anton and Dakin, Edgar and Chen, Xie and Gales, Mark JF and Knill, Kate M},
  booktitle={Proc. INTERSPEECH},
  pages={3042--3046},
  year={2016}
}
@inproceedings{feng2017linguistic,
  title={On the Linguistic Relevance of Speech Units Learned by Unsupervised Acoustic Modeling},
  author={Feng, Siyuan and Lee, Tan},
  booktitle={Proc. INTERSPEECH},
  pages={2068--2072},
  year={2017}
}
@inproceedings{graves2013hybrid,
  title={Hybrid speech recognition with deep bidirectional {LSTM}},
  author={Graves, Alex and Jaitly, Navdeep and Mohamed, Abdel-rahman},
  booktitle={Proc. ASRU},
  pages={273--278},
  year={2013},
}
@inproceedings{dunbar2017zero,
  title={The zero resource speech challenge 2017},
  author={Dunbar, Ewan and Cao, Xuan-Nga and Benjumea, Juan and Karadayi, Julien and Bernard, Mathieu and Besacier, Laurent and Anguera, Xavier and Dupoux, Emmanuel},
  booktitle={Proc. ASRU},
  year={2017},
  pages={323--330}
}
@inproceedings{heck2017feature,
  title={Feature optimized {DPGMM} clustering for unsupervised subword modeling: A contribution to zerospeech 2017},
  author={Heck, Michael and Sakti, Sakriani and Nakamura, Satoshi},
  booktitle={Proc. ASRU},
  pages={740--746},
  year={2017},
}
@inproceedings{chen2017multilingual,
  title={Multilingual bottle-neck feature learning from untranscribed speech},
  author={Chen, Hongjie and Leung, Cheung-Chi and Xie, Lei and Ma, Bin and Li, Haizhou},
  booktitle={Proc. ASRU},
  pages={727--733},
  year={2017},
}
@inproceedings{shibata2017composite,
  title={Composite embedding systems for ZeroSpeech2017 track 1},
  author={Shibata, Hayato and Kato, Taku and Shinozaki, Takahiro and Watanabe, Shinji},
  booktitle={Proc. ASRU},
  pages={747--753},
  year={2017},
}
@inproceedings{ansari2017deep_bak,
  title={Deep learning methods for unsupervised acoustic modeling - {LEAP} submission to ZeroSpeech challenge 2017},
  author={Ansari, T K and Kumar, Rajath and Singh, Sonali and Ganapathy, Sriram},
  booktitle={Proc. ASRU},
  pages={754--761},
  year={2017}
}
@inproceedings{ansari2017deep,
  title={Deep learning methods for unsupervised acoustic modeling - {LEAP} submission to ZeroSpeech challenge 2017},
  author={Ansari, T K and Kumar, Rajath and Singh, Sonali and Ganapathy, Sriram},
  booktitle={Proc. ASRU},
  pages={754--761},
  year={2017}
}
@inproceedings{ansari2017unsupervised_bak,
  title={Unsupervised {HMM} posteriograms for language independent acoustic modeling in zero resource conditions},
  author={Ansari, T K and Kumar, Rajath and Singh, Sonali and Ganapathy, Sriram and Devi, Susheela},
  booktitle={Proc. ASRU},
  pages={762--768},
  year={2017}
}
@inproceedings{ansari2017unsupervised,
  title={Unsupervised {HMM} posteriograms for language independent acoustic modeling in zero resource conditions},
  author={Ansari, T K and Kumar, Rajath and Singh, Sonali and Ganapathy, Sriram and Devi, Susheela},
  booktitle={Proc. ASRU},
  pages={762--768},
  year={2017}
}
@inproceedings{yuan2017extracting,
  title={Extracting bottleneck features and word-like pairs from untranscribed speech for feature representations},
  author={Yuan, Yougen and Leung, Cheung-Chi and Xie, Lei and Chen, Hongjie and Ma, Bin and Li, Haizhou},
  booktitle={Proc. ASRU},
  pages={734--739},
  year={2017},
}
@inproceedings{Cui2017,
  author={Xiaodong Cui and Vaibhava Goel and George Saon},
  title={Embedding-Based Speaker Adaptive Training of Deep Neural Networks},
  year=2017,
  booktitle={Proc. INTERSPEECH},
  year={2017},
  pages={122--126},
}
@inproceedings{Saon2017,
  author={George Saon and Gakuto Kurata and Tom Sercu and Kartik Audhkhasi and Samuel Thomas and Dimitrios Dimitriadis and Xiaodong Cui and Bhuvana Ramabhadran and Michael Picheny and Lynn-Li Lim and Bergul Roomi and Phil Hall},
  title={English Conversational Telephone Speech Recognition by Humans and Machines},
  year=2017,
  booktitle={Proc. INTERSPEECH},
  pages={132--136},
  year={2017}
}
@inproceedings{Hori2017,
  author={Takaaki Hori and Shinji Watanabe and Yu Zhang and William Chan},
  title={Advances in Joint {CTC}-Attention Based End-to-End Speech Recognition with a Deep {CNN} Encoder and {RNN-LM}},
  year=2017,
  booktitle={Proc. INTERSPEECH},
  pages={949--953},
  year={2017}
}
@inproceedings{thiolliere2015hybrid,
  title={A hybrid dynamic time warping-deep neural network architecture for unsupervised acoustic modeling},
  author={Thiolli\`{e}re, Roland and Dunbar, Ewan and Synnaeve, Gabriel and Versteegh, Maarten and Dupoux, Emmanuel},
  booktitle={Proc. INTERSPEECH},
  pages={3179--3183},
  year={2015}
}

@inproceedings{Chen+2016,
author={Chen, Hongjie and Leung, Cheung-Chi and Xie, Lei and Ma, Bin and Li, Haizhou},
title={Unsupervised Bottleneck Features for Low-Resource Query-by-Example Spoken Term Detection},
year=2016,
booktitle={INTERSPEECH},
pages={923--927}
}
@article{povey2012basis,
  title={A basis representation of constrained {MLLR} transforms for robust adaptation},
  author={Povey, Daniel and Yao, Kaisheng},
  journal={Computer Speech \& Language},
  volume={26},
  number={1},
  pages={35--51},
  year={2012},
  publisher={Elsevier}
}
@inproceedings{peddinti2015time,
  title={A time delay neural network architecture for efficient modeling of long temporal contexts},
  author={Peddinti, Vijayaditya and Povey, Daniel and Khudanpur, Sanjeev},
  booktitle={Proc. INTERSPEECH},
  year={2015},
  pages={3214--3218}
}
@inproceedings{chen2015parallel,
  title={Parallel inference of {D}irichlet process Gaussian mixture models for unsupervised acoustic modeling: A feasibility study},
  author={Chen, Hongjie and Leung, Cheung-Chi and Xie, Lei and Ma, Bin and Li, Haizhou},
  booktitle={Proc. INTERSPEECH},
  year={2015},
  pages={3189--3193}
}
@inproceedings{chang2013parallel,
  title={Parallel sampling of {DP} mixture models using sub-cluster splits},
  author={Chang, Jason and Fisher III, John W},
  booktitle={Advances in NIPS},
  pages={620--628},
  year={2013}
}
@inproceedings{kamper2015fully,
  title={Fully unsupervised small-vocabulary speech recognition using a segmental bayesian model},
  author={Kamper, Herman and Jansen, Aren and Goldwater, Sharon},
  booktitle={Proc. INTERSPEECH},
  year={2015},
  pages={678--682}
}
@inproceedings{renshaw2015comparison,
  title={A comparison of neural network methods for unsupervised representation learning on the zero resource speech challenge},
  author={Renshaw, Daniel and Kamper, Herman and Jansen, Aren and Goldwater, Sharon},
  booktitle={Proc. INTERSPEECH},
  year={2015},
  pages={3199--3203},
}
@inproceedings{kamper2014unsupervised,
  title={Unsupervised lexical clustering of speech segments using fixed-dimensional acoustic embeddings},
  author={Kamper, Herman and Jansen, Aren and King, Simon and Goldwater, Sharon},
  booktitle={Proc. SLT},
  pages={100--105},
  year={2014}
}

@inproceedings{Heck+2016,
author={Michael Heck and Sakriani Sakti and Satoshi Nakamura},
title={Supervised Learning of Acoustic Models in a Zero Resource Setting to Improve {DPGMM} Clustering},
year=2016,
booktitle={Proc. INTERSPEECH},
pages={1310--1314}
}

@inproceedings{grezl2009investigation,
  title={Investigation into bottle-neck features for meeting speech recognition},
  author={Gr{\'e}zl, Franti{\v{s}}ek and Karafi{\'a}t, Martin and Burget, Luk{\'a}{\v{s}}},
  booktitle={Proc. INTERSPEECH},
  year={2009},
  pages={2947--2950},
}
@article{leggetter1995maximum,
  title={Maximum likelihood linear regression for speaker adaptation of continuous density hidden Markov models},
  author={Leggetter, Christopher J and Woodland, Philip C},
  journal={Computer speech \& language},
  volume={9},
  number={2},
  pages={171--185},
  year={1995},
  publisher={Elsevier}
}
@article{gales1998maximum,
  title={Maximum likelihood linear transformations for {HMM}-based speech recognition},
  author={Gales, Mark JF},
  journal={Computer speech \& language},
  volume={12},
  number={2},
  pages={75--98},
  year={1998},
  publisher={Elsevier}
}
@inproceedings{anastasakos1996compact,
  title={A compact model for speaker-adaptive training},
  author={Anastasakos, Tasos and McDonough, John and Schwartz, Richard and Makhoul, John},
  booktitle={Proc. ICSLP},
  volume={2},
  pages={1137--1140},
  year={1996}
}
@inproceedings{anastasakos1997speaker,
  title={Speaker adaptive training: A maximum likelihood approach to speaker normalization},
  author={Anastasakos, Tasos and McDonough, John and Makhoul, John},
  booktitle={Proc. ICASSP},
  volume={2},
  pages={1043--1046},
  year={1997}
}
@article{gales1999semi,
  title={Semi-tied covariance matrices for hidden Markov models},
  author={Gales, Mark JF},
  journal={IEEE Trans. SAP},
  volume={7},
  number={3},
  pages={272--281},
  year={1999},
  publisher={IEEE}
}
@inproceedings{kim2004using,
  title={Using {VTLN} for broadcast news transcription},
  author={Kim, DY and Umesh, S and Gales, Mark JF and Hain, T and Woodland, PC},
  booktitle={Proc. ICSLP},
  year={2004}
}
@inproceedings{haeb1992linear,
  title={Linear discriminant analysis for improved large vocabulary continuous speech recognition},
  author={Haeb-Umbach, Reinhold and Ney, Hermann},
  booktitle={Proc. ICASSP},
  volume={1},
  pages={13--16},
  year={1992}
  }
@article{miao2015speaker,
  title={Speaker adaptive training of deep neural network acoustic models using i-vectors},
  author={Miao, Yajie and Zhang, Hao and Metze, Florian},
  journal={IEEE/ACM Trans. ASLP},
  volume={23},
  number={11},
  pages={1938--1949},
  year={2015},
  publisher={IEEE}
}
@article{digalakis1995speaker,
  title={Speaker adaptation using constrained estimation of Gaussian mixtures},
  author={Digalakis, Vassilios V and Rtischev, Dimitry and Neumeyer, Leonardo G},
  journal={IEEE Trans. SAP},
  volume={3},
  number={5},
  pages={357--366},
  year={1995},
  publisher={IEEE}
}
@inproceedings{abdel2013fast,
  title={Fast speaker adaptation of hybrid NN/HMM model for speech recognition based on discriminative learning of speaker code},
  author={Abdel-Hamid, Ossama and Jiang, Hui},
  booktitle={Proc. ICASSP},
  pages={7942--7946},
  year={2013}
}
@inproceedings{xue2014direct,
  title={Direct adaptation of hybrid {DNN}/{HMM} model for fast speaker adaptation in {LVCSR} based on speaker code},
  author={Xue, Shaofei and Abdel-Hamid, Ossama and Jiang, Hui and Dai, Lirong},
  booktitle={Proc. ICASSP},
  pages={6339--6343},
  year={2014}
}
@article{xue2014fast,
  title={Fast adaptation of deep neural network based on discriminant codes for speech recognition},
  author={Xue, Shaofei and Abdel-Hamid, Ossama and Jiang, Hui and Dai, Lirong and Liu, Qingfeng},
  journal={IEEE/ACM Trans. ASLP},
  volume={22},
  number={12},
  pages={1713--1725},
  year={2014},
  publisher={IEEE}
}
@inproceedings{yu2013kl,
  title={KL-divergence regularized deep neural network adaptation for improved large vocabulary speech recognition},
  author={Yu, Dong and Yao, Kaisheng and Su, Hang and Li, Gang and Seide, Frank},
  booktitle={Proc. ICASSP},
  pages={7893--7897},
  year={2013}
}
@inproceedings{Xie2017,
  author={Xurong Xie and Xunying Liu and Tan Lee and Lan Wang},
  title={{RNN-LDA} Clustering for Feature Based {DNN} Adaptation},
  year=2017,
  booktitle={Proc. INTERSPEECH},
  pages={2396--2400}
}
@inproceedings{saon2013speaker,
  title={Speaker adaptation of neural network acoustic models using i-vectors},
  author={Saon, George and Soltau, Hagen and Nahamoo, David and Picheny, Michael},
  booktitle={Proc. ASRU},
  pages={55--59},
  year={2013}
}
@inproceedings{doulaty2015latent,
  title={Latent dirichlet allocation based organisation of broadcast media archives for deep neural network adaptation},
  author={Doulaty, Mortaza and Saz, Oscar and Ng, Raymond WM and Hain, Thomas},
  booktitle={Proc. ASRU},
  pages={130--136},
  year={2015}
}
@inproceedings{li2010comparison,
  title={Comparison of discriminative input and output transformations for speaker adaptation in the hybrid {NN/HMM} systems},
  author={Li, Bo and Sim, Khe Chai},
  booktitle={Proc. INTERSPEECH},
  year={2010},
  pages={526--529}
}
@inproceedings{seltzer2013investigation,
  title={An investigation of deep neural networks for noise robust speech recognition},
  author={Seltzer, Michael L and Yu, Dong and Wang, Yongqiang},
  booktitle={Proc. ICASSP},
  pages={7398--7402},
  year={2013}
}
@INPROCEEDINGS{Stolcke02srilm--,
    author = {Andreas Stolcke},
    title = {{SRILM} -- An extensible language modeling toolkit},
    booktitle = {Proc. ICSLP},
    year = {2002},
    pages = {901--904}
}
@inproceedings{chung2015iterative,
  title={An iterative deep learning framework for unsupervised discovery of speech features and linguistic units with applications on spoken term detection},
  author={Chung, Cheng-Tao and Tsai, Cheng-Yu and Lu, Hsiang-Hung and Liu, Chia-Hsiang and Lee, Hung-yi and Lee, Lin-shan},
  booktitle={Proc. ASRU},
  pages={245--251},
  year={2015}
}
@inproceedings{Bhati2017,
  author={Saurabhchand Bhati and Shekhar Nayak and K. Sri Rama Murty},
  title={Unsupervised Speech Signal to Symbol Transformation for Zero Resource Speech Applications},
  year={2017},
  booktitle={Proc. INTERSPEECH},
  pages={2133--2137}
}
@inproceedings{Zeghidour+2016,
author={Neil Zeghidour and Gabriel Synnaeve and Nicolas Usunier and Emmanuel Dupoux},
title={Joint Learning of Speaker and Phonetic Similarities with Siamese Networks},
year={2016},
booktitle={Proc. INTERSPEECH},
pages={1295--1299}
}
@Comment{jabref-meta: databaseType:bibtex;}
